\section{REFERÃŠNCIAS}
@book{atalho,
  author    = {PASCO}, 
  title     = {Speed of Light
Apparatus},
  publisher = {nstruction Manual and
Experiment Guide for
the PASCO scientific
Model OS-9261A, 62 and 63A},
  edition   = {012-07135B},
  
  
}
